@article{Gilbert1959,
  title = {Random Graphs},
  volume = {30},
  ISSN = {0003-4851},
  url = {http://dx.doi.org/10.1214/aoms/1177706098},
  DOI = {10.1214/aoms/1177706098},
  number = {4},
  journal = {The Annals of Mathematical Statistics},
  publisher = {Institute of Mathematical Statistics},
  author = {Gilbert,  E. N.},
  year = {1959},
  month = dec,
  pages = {1141–1144}
}

@article{Erds2022,
  title = {On random graphs. I.},
  volume = {6},
  ISSN = {0033-3883},
  url = {http://dx.doi.org/10.5486/PMD.1959.6.3-4.12},
  DOI = {10.5486/pmd.1959.6.3-4.12},
  number = {3–4},
  journal = {Publicationes Mathematicae Debrecen},
  publisher = {University of Debrecen/ Debreceni Egyetem},
  author = {Erdős,  P. and Rényi,  A.},
  year = {2022},
  month = jul,
  pages = {290–297}
}

@misc{acharya2022robustestimationrandomgraphs,
      title={Robust Estimation for Random Graphs}, 
      author={Jayadev Acharya and Ayush Jain and Gautam Kamath and Ananda Theertha Suresh and Huanyu Zhang},
      year={2022},
      eprint={2111.05320},
      archivePrefix={arXiv},
      primaryClass={cs.DS},
      url={https://arxiv.org/abs/2111.05320}, 
}

@article{Newman2001,
  title = {Random graphs with arbitrary degree distributions and their applications},
  volume = {64},
  ISSN = {1095-3787},
  url = {http://dx.doi.org/10.1103/PhysRevE.64.026118},
  DOI = {10.1103/physreve.64.026118},
  number = {2},
  journal = {Physical Review E},
  publisher = {American Physical Society (APS)},
  author = {Newman,  M. E. J. and Strogatz,  S. H. and Watts,  D. J.},
  year = {2001},
  month = jul 
}

@article{Albert_2002,
   title={Statistical mechanics of complex networks},
   volume={74},
   ISSN={1539-0756},
   url={http://dx.doi.org/10.1103/RevModPhys.74.47},
   DOI={10.1103/revmodphys.74.47},
   number={1},
   journal={Reviews of Modern Physics},
   publisher={American Physical Society (APS)},
   author={Albert, Réka and Barabási, Albert-László},
   year={2002},
   month=jan, pages={47–97} }
